@INPROCEEDINGS{Canals2012, 
author={Amador, Andre and Canals, Miguel and Guerrero, Gerardo and Cruz, Joel and Ortiz, Eduardo}, 
booktitle={Oceans, 2012}, title={Development of novel instrumented Lagrangian drifters to probe the internal structure of breaking surface waves}, 
year={2012}, 
month={oct.}, 
volume={}, 
number={}, 
pages={1 -6}, 
keywords={Acceleration;Accelerometers;Instruments;Optical distortion;Optical imaging;Optical sensors;Sea measurements;}, 
doi={10.1109/OCEANS.2012.6404992}, 
ISSN={},}

@techreport{Amador2012,
author = {Amador, Andr\'{e}},
number = {May},
title = {{Lagrangian observations of turbulence in breaking surface waves}},
year = {2012}
}

@techreport{QiStandard,
author = {Wireless Power
Consortium},
number = {May},
title = {{System Description Wireless Power Transfer Section: Part 1: Interface Definition}},
year={2012}, 
month={July}, 
}

@misc{batMeterAppNote,
title = {{How to Use bq27505 in a Smart Phone System}},
howpublished  = "\url{http://www.ti.com/lit/an/slua528/slua528.pdf}",
}

@misc{i2cStandard,
title = {{The $I^2C$-Bus Specification}},
howpublished  = "\url{http://www.nxp.com/documents/other/39340011.pdf}",
}

@misc{boaterExam,
title = {{BoaterExam}},
howpublished  = "\url{http://www.boaterexam.com/usa/michigan/education/?chapter=6&page=9}",
}



@book{ibrahim2010sd,
  title={SD Card Projects Using the PIC Microcontroller},
  author={Ibrahim, D.},
  isbn={9780080961262},
  series={IT Pro},
  url={http://books.google.com.pr/books?id=pJaiMUkcpDwC},
  year={2010},
  publisher={Elsevier Science}
}

@book{Jimenez2013,
  title={Introduction to Embedded Systems: Using Microcontrollers and the MSP430},
  author={Jim\'{e}nez, M. and Palomera, R. and Couvertier, I.},
  isbn={9781461431428},
  url={http://books.google.com.pr/books?id=0O-EMAEACAAJ},
  year={2013},
  publisher={Springer London, Limited}
}
@book{Granger1985,
  title={Fluid mechanics},
  author={Granger, R.A.},
  isbn={9780486683560},
  lccn={lc94039737},
  series={Dover Books on Physics Series},
  url={http://books.google.com.pr/books?id=o6fAL6bxLBIC},
  year={1985},
  publisher={Dover Publications, Incorporated}
}

@INPROCEEDINGS{Jirawimut2001, 
author={Jirawimut, R. and Ptasinski, P. and Garaj, V. and Cecelja, F. and Balachandran, W.}, 
booktitle={Instrumentation and Measurement Technology Conference, 2001. IMTC 2001. Proceedings of the 18th IEEE}, title={A method for dead reckoning parameter correction in pedestrian navigation system}, 
year={2001}, 
volume={3}, 
pages={1554-1558 vol.3}, 
keywords={Global Positioning System;Kalman filters;compasses;error correction;GPS signal;compass bias error;dead reckoning parameter correction;extended Kalman filter;heading sensor;integrated system;measurement model;orientation sensor;pedestrian navigation system;position determination accuracy;positioning accuracy;state equation;step size error;time interval;Dead reckoning;Error correction;Frequency estimation;Frequency measurement;Global Positioning System;Magnetic sensors;Navigation;Position measurement;Size measurement;Velocity measurement}, 
doi={10.1109/IMTC.2001.929465}, 
ISSN={1091-5281},}