@INPROCEEDINGS{Canals2012, 
author={Amador, Andre and Canals, Miguel and Guerrero, Gerardo and Cruz, Joel and Ortiz, Eduardo}, 
booktitle={Oceans, 2012}, title={Development of novel instrumented Lagrangian drifters to probe the internal structure of breaking surface waves}, 
year={2012}, 
month={oct.}, 
volume={}, 
number={}, 
pages={1 -6}, 
keywords={Acceleration;Accelerometers;Instruments;Optical distortion;Optical imaging;Optical sensors;Sea measurements;}, 
doi={10.1109/OCEANS.2012.6404992}, 
ISSN={},}

@techreport{Amador2012,
author = {Amador, Andr\'{e}},
number = {May},
title = {{Lagrangian observations of turbulence in breaking surface waves}},
year = {2012}
}

@techreport{QiStandard,
author = {Wireless Power
Consortium},
number = {May},
title = {{System Description Wireless Power Transfer Section: Part 1: Interface Definition}},
year={2012}, 
month={July}, 
}

@misc{usbSpecs,
title = {{USB 1.0, 2.0 and 3.0 specification documents}},
howpublished  = "\url{http://www.usb.org/developers/docs/}",
}

@book{ibrahim2010sd,
  title={SD Card Projects Using the PIC Microcontroller},
  author={Ibrahim, D.},
  isbn={9780080961262},
  series={IT Pro},
  url={http://books.google.com.pr/books?id=pJaiMUkcpDwC},
  year={2010},
  publisher={Elsevier Science}
}
