@INPROCEEDINGS{Canals2012, 
author={Amador, Andre and Canals, Miguel and Guerrero, Gerardo and Cruz, Joel and Ortiz, Eduardo}, 
booktitle={Oceans, 2012}, title={Development of novel instrumented Lagrangian drifters to probe the internal structure of breaking surface waves}, 
year={2012}, 
month={oct.}, 
volume={}, 
number={}, 
pages={1 -6}, 
keywords={Acceleration;Accelerometers;Instruments;Optical distortion;Optical imaging;Optical sensors;Sea measurements;}, 
doi={10.1109/OCEANS.2012.6404992}, 
ISSN={},}

@techreport{Amador2012,
author = {Amador, Andr\'{e}},
number = {May},
title = {{Lagrangian observations of turbulence in breaking surface waves}},
year = {2012}
}